@book{skript,
  author = {Physikalisches Institut der Universität Bonn},
  title  = {{Physikalisches Praktikum Teil IV: Atome, Moleküle, Festkörper. Versuchsbeschreibungen}},
  year   = {2023}
}

@book{linden_optik,
  author = {Stefan Linden},
  title  = {{Optik und Wellenmechanik - Vorlesungsskript}},
  year   = {2022}
}

@book{linden_photonics,
  author = {Stefan Linden},
  title  = {{Photonics - Lecture Notes}},
  year   = {2023}
}

@book{nano,
  author = {Ulrich Hohenester},
  title  = {{Nano and Quantum Optics}},
  year   = {2020},
  publisher = {Springer}
}

@book{prism,
  author          = {Bhaskar Chandra Mohanty and S. Kasiviswanathan},
  title           = {Two-prism setup for surface plasmon resonance studies},
  year            = {2005}
}

@book{dielec_gold,
  author          = {P. B. Johnson and R. W. Christy},
  title           = {Optical Constants of the Noble Metals},
  year            = {1972}
}

@misc{wiki:spr,
  author = {Wikipedia},
  title  = {Surface plasmon resonance --- {W}ikipedia{,} - The Free Encyclopedia},
  url    = {https://en.wikipedia.org/wiki/Surface_plasmon_resonance},
  note   = {[Online; Datum: 02.12.2023]}
}

@misc{wiki:spp,
  author = {Wikipedia},
  title  = {Surface plasmon polariton --- {W}ikipedia{,} - The Free Encyclopedia},
  url    = {https://en.wikipedia.org/wiki/Surface_plasmon_polariton},
  note   = {[Online; Datum: 02.12.2023]}
}

@misc{wiki:sp,
  author = {Wikipedia},
  title  = {Surface plasmon --- {W}ikipedia{,} - The Free Encyclopedia},
  url    = {https://en.wikipedia.org/wiki/Surface_plasmon},
  note   = {[Online; Datum: 02.12.2023]}
}

@misc{wiki:permittivität,
  author = {Wikipedia},
  title  = {Permittivität --- {W}ikipedia{,} - Die freie Enzyklopädie},
  url    = {https://de.wikipedia.org/wiki/Permittivit%C3%A4t},
  note   = {[Online; Datum: 04.12.2023]}
}

@misc{wiki:brechungsindex,
  author = {Wikipedia},
  title  = {Brechungsindex --- {W}ikipedia{,} - Die freie Enzyklopädie},
  url    = {https://de.wikipedia.org/wiki/Brechungsindex},
  note   = {[Online; Datum: 02.12.2023]}
}

@misc{mesh,
  author       = {LFA Tablet Presses},
  title        = {Different Wire Mesh Sizes And Its Conversions},
  howpublished = {\url{https://www.lfatabletpresses.com/articles/wire-mesh-sizes-conversions}},
  note         = {Zugriff: 05.11.2023}
}

@misc{umrechnung,
  author       = {Stecker Express},
  title        = {Umrechnung Zoll in \unit{\milli \meter}},
  howpublished = {\url{https://www.stex24.de/ratgeber/umrechnen-zoll-mm}},
  note         = {Zugriff: 05.11.2023}
}

@misc{balmer_handblatt,
  author       = {LD Didactic},
  journal      = {LD Handblätter Physik},
  title        = {Beobachtung der Aufspaltung der Balmerlinien an deuteriertem Wasserstoff (Isotopieaufspaltung)},
  howpublished = {\url{https://www.ld-didactic.de/literatur/hb/d/p6/p6213_d.pdf}},
  note         = {Zugriff: 24.10.2023}
}
@misc{xraydata,
  author       = {Albert Thompson et al},
  title        = {X-Ray Data Booklet},
  howpublished = {\url{https://xdb.lbl.gov/xdb-new.pdf}},
  publisher    = {Lawrence Berkeley National Laboratory},
  note         = {Zugriff: 22.11.2023}
}
@misc{laue_handblatt,
  author       = {LD Didactic},
  journal      = {LD Handblätter Physik},
  title        = {Laue-Aufnahme: Untersuchung der Gitterstruktur kristalliner Stoffe},
  howpublished = {\url{https://www.ld-didactic.de/literatur/hb/d/p7/p7122_d.pdf}},
  note         = {Zugriff: 20.11.2023}
}
@misc{material_handblatt,
  author       = {LD Didactic},
  journal      = {LD Handblätter Physik},
  title        = {Anwendung der Röntgenfluoreszenz zur zerstörungsfreien Analyse der chemischen Zusammensetzung},
  howpublished = {\url{https://www.ld-didactic.de/literatur/hb/d/p7/p7511_d.pdf}},
  note         = {Zugriff: 22.11.2023}
}
@misc{film_anleitung,
  author       = {LD Didactic},
  journal      = {LD Handblätter Physik},
  title        = {Gebrauchsanweisung 554 896},
  howpublished = {\url{ld-didactic.de/documents/de-DE/GA/GA/5/554/554896d.pdf}},
  note         = {Zugriff: 20.11.2023}
}
@book{kristalle,
  author    = {Martin J. Buerger},
  title     = {{Kristallographie}},
  year      = {1977},
  publisher = {De Gruyter}
}
@book{nacl,
  author          = "W. T. Barrett and W. E. Wallace",
  publisher       = {Journal of the American Chemical Society},
  title           = {Studies of NaCl-KCI Solid Solutions},
  year            = {1954}
}
@book{demtröder,
  author = {Wolfang Demtröder},
  title  = {{Experimentalphysik 3: Atome, Moleküle, Festkörper}},
  year   = {2016},
  publisher = {Springer}
}
  author = {Physikalisches Institut der Universität Bonn},
  title  = {{Physikalisches Praktikum Teil IV: Atome, Moleküle, Festkörper. Versuchsbeschreibungen}},
  year   = {2023}
}

@book{münster,
  author    = {Gernot Münster},
  title     = {{Quantentheorie}},
  year      = {2020},
  publisher = {De Gruyter}
}

@book{Demtröder:829119,
  author    = {Demtröder, Wolfgang},
  title     = {{Experimentalphysik 3: Atome, Moleküle und Festkörper;
               3rd ed.}},
  publisher = {Springer},
  address   = {Berlin},
  series    = {Springer-Lehrbuch},
  year      = {2005},
  url       = {https://cds.cern.ch/record/829119}
}

@book{Demtröder:829122,
  author    = {Demtröder, Wolfgang},
  title     = {{Experimentalphysik 2: Elektrizität und Optik; 3rd ed.}},
  publisher = {Springer},
  address   = {Berlin},
  year      = {2004},
  url       = {https://cds.cern.ch/record/829122}
}

@misc{wiki:kontaktpotential,
  author = {Wikipedia},
  title  = {Kontaktelektrizität --- {W}ikipedia{,} -Die freie Enzyklopädie},
  url    = {https://de.wikipedia.org/wiki/Kontaktelektrizit%C3%A4t},
  note   = {[Online; Datum: 21.11.2023]}
}

@misc{wiki:reduced_chi_square,
  author = {Wikipedia},
  title  = {Reduced chi-squared statistic --- {W}ikipedia{,} -Die freie Enzyklopädie},
  url    = {https://en.wikipedia.org/wiki/Reduced_chi-squared_statistic},
  note   = {[Online; Datum: 21.11.2023]}
}

@misc{wiki:fehlerfortpflanzung,
  author = {Wikipedia},
  title  = {Fehlerfortpflanzung --- {W}ikipedia{,} -Die freie Enzyklopädie},
  url    = {https://de.wikipedia.org/wiki/Fehlerfortpflanzung},
  note   = {[Online; Datum: 21.11.2023]}
}

@misc{wiki:austrittsarbeit,
  author = {Wikipedia},
  title  = {Austrittsarbeit --- {W}ikipedia{,} -Die freie Enzyklopädie},
  url    = {https://de.wikipedia.org/wiki/Austrittsarbeit},
  note   = {[Online; Datum: 21.11.2023]}
}

@misc{scipy:odr,
  author = {Scipy},
  title  = {Orthogonal distance regression},
  url    = {https://docs.scipy.org/doc/scipy/reference/odr.html},
  note   = {[Online; Datum: 21.11.2023]}
}

@misc{rtm-leitpfaden,
  author = {Dreyer, H.P. and Brovelli, D. and Cornaz, A. and Dünki, R. and Lohe, H.J.},
  title  = {Raster-Tunnel-Mikroskop (Leitprogramm)},
  url    = {https://educ.ethz.ch/unterrichtsmaterialien/physik/rastertunnel.html},
  note   = {[Online; Datum: 5.11.2023]}
}

@misc{ld_bragg,
  author = {LD Didactic},
  title  = {Bragg-Reflexion: Beugung von Röntgenstrahlen an einem Einkristall},
  url    = {https://www.ld-didactic.de/literatur/hb/d/p6/p6331_d.pdf},
  note   = {[Online; Datum: 21.11.2023]}
}

@misc{wiki:roentgenroehre,
  author = {Wikipedia},
  title  = {Röntgenröhre --- {W}ikipedia{,} -Die freie Enzyklopädie},
  url    = {https://de.wikipedia.org/wiki/R%C3%B6ntgenr%C3%B6hre},
  note   = {[Online; Datum: 21.11.2023]}
}

@misc{wiki:bragg,
  author = {Wikipedia},
  title  = {Bragg-Bedingung --- {W}ikipedia{,} -Die freie Enzyklopädie},
  url    = {https://de.wikipedia.org/wiki/Bragg-Gleichung},
  note   = {[Online; Datum: 21.11.2023]}
}

@book{wermes,
  author    = {Kolanoski, Hermann and Wermes, Norbert},
  address   = {Berlin, Heidelberg},
  edition   = {1. Aufl. 2016},
  isbn      = {9783662453506},
  keywords  = {Physics},
  language  = {ger},
  publisher = {Springer Berlin Heidelberg},
  title     = {Teilchendetektoren Grundlagen und Anwendungen},
  year      = {2016}
}

@misc{nist_xray_database,
  title  = {NIST X-ray Transition Energies Database (2005)},
  url    = {https://physics.nist.gov/cgi-bin/XrayTrans/search.pl?element=Ag&trans=KL1&trans=KL2&trans=KL3&trans=KM1&trans=KM2&trans=KM3&trans=KM4&trans=KM5&lower=&upper=&units=A},
  note   = {[Online; Datum: 21.11.2023]}
}
@misc{nist_search,
  title  = {NIST X-ray Transition Energies Database},
  url    = {https://physics.nist.gov/PhysRefData/XrayTrans/Html/search.html},
  note   = {[Online; Datum: 22.11.2023]}
}

@article{Workman:2022ynf,
    author = "Workman, R. L. and Others",
    collaboration = "Particle Data Group",
    title = "{Review of Particle Physics}",
    doi = "10.1093/ptep/ptac097",
    journal = "PTEP",
    volume = "2022",
    pages = "083C01",
    year = "2022"
}


@misc{wiki:messing,
  author = {Wikipedia},
  title  = {Messing --- {W}ikipedia{,} -Die freie Enzyklopädie},
  url    = {https://de.wikipedia.org/wiki/Messing},
  note   = {[Online; Datum: 22.11.2023]}
}

@misc{wiki:miller_indizes,
  author = {Wikipedia},
  title  = {Millersche Indizes --- {W}ikipedia{,} -Die freie Enzyklopädie},
  url    = {https://de.wikipedia.org/wiki/Millersche_Indizes},
  note   = {[Online; Datum: 22.11.2023]}
}

https://de.wikipedia.org/wiki/Millersche_Indizes
@misc{wiki:miller_indizes,
  author = {Wikipedia},
  title  = {Zeeman-Effekt --- {W}ikipedia{,} -Die freie Enzyklopädie},
  url    = {https://de.wikipedia.org/wiki/Zeeman-Effekt},
  note   = {[Online; Datum: 17.12.2023]}
}

@book{Sakurai,
      author        = "Sakurai, Jun John",
      title         = "{Modern quantum mechanics; rev. ed.}",
      publisher     = "Addison-Wesley",
      address       = "Reading, MA",
      year          = "1994",
      url           = "https://cds.cern.ch/record/1167961",
}

@misc{zeeman_handblatt,
  author       = {LD Didactic},
  journal      = {LD Handblätter Physik P6.2.7},
  title        = {LD Handblätter Physik P6.2.7},
  howpublished = {\url{https://web.archive.org/web/20160804010716/http://www.ld-didactic.de/literatur/hb/d/p6/p6273_d.pdf}},
  note         = {Zugriff: 17.12.2023}
}