@book{skript,
  author         = "Physikalisches Institut der Universität Bonn",
  title          = "{Physikalisches Praktikum Teil IV: Atome, Moleküle, Festkörper. Versuchsbeschreibungen}",
  year           = "2023"
}

@misc{mesh,
  author = {LFA Tablet Presses},
  title = {Different Wire Mesh Sizes And Its Conversions},
  howpublished = {\url{https://www.lfatabletpresses.com/articles/wire-mesh-sizes-conversions}},
  note = {Zugriff: 05.11.2023}
}

@misc{umrechnung,
  author = {Stecker Express},
  title = {Umrechnung Zoll in \unit{\milli \meter}},
  howpublished = {\url{https://www.stex24.de/ratgeber/umrechnen-zoll-mm}},
  note = {Zugriff: 05.11.2023}
}

@misc{balmer_handblatt,
  author          = {LD Didactic},
  journal         = {LD Handblätter Physik},
  title           = {Beobachtung der Aufspaltung der Balmerlinien an deuteriertem Wasserstoff (Isotopieaufspaltung)},
  howpublished    = {\url{https://www.ld-didactic.de/literatur/hb/d/p6/p6213_d.pdf}},
  note            = {Zugriff: 24.10.2023}
}
@misc{laue_handblatt,
  author          = {LD Didactic},
  journal         = {LD Handblätter Physik},
  title           = {Laue-Aufnahme: Untersuchung der Gitterstruktur kristalliner Stoffe},
  howpublished    = {\url{https://www.ld-didactic.de/literatur/hb/d/p7/p7122_d.pdf}},
  note            = {Zugriff: 20.11.2023}
}
@misc{film_anleitung,
  author          = {LD Didactic},
  journal         = {LD Handblätter Physik},
  title           = {Gebrauchsanweisung 554 896},
  howpublished    = {\url{ld-didactic.de/documents/de-DE/GA/GA/5/554/554896d.pdf}},
  note            = {Zugriff: 20.11.2023}
}
@book{kristalle,
  author         = "Martin J. Buerger",
  title          = "{Kristallographie}",
  year           = "1977",
  publisher      = "De Gruyter"
}
@book{demtröder,
  author         = "Wolfang Demtröder",
  title          = "{Experimentalphysik 3: Atome, Moleküle, Festkörper}",
  year           = "2016",
}
  author = {Physikalisches Institut der Universität Bonn},
  title  = {{Physikalisches Praktikum Teil IV: Atome, Moleküle, Festkörper. Versuchsbeschreibungen}},
  year   = {2023}
}

@book{münster,
  author        = "Gernot Münster",
  title         = "{Quantentheorie}",
  year          = "2020",
  publisher     = "De Gruyter"
}

@book{Demtröder:829119,
  author    = {Demtröder, Wolfgang},
  title     = {{Experimentalphysik 3: Atome, Moleküle und Festkörper;
               3rd ed.}},
  publisher = {Springer},
  address   = {Berlin},
  series    = {Springer-Lehrbuch},
  year      = {2005},
  url       = {https://cds.cern.ch/record/829119},
}

@book{Demtröder:829122,
      author        = "Demtröder, Wolfgang",
      title         = "{Experimentalphysik 2: Elektrizität und Optik; 3rd ed.}",
      publisher     = "Springer",
      address       = "Berlin",
      year          = "2004",
      url           = "https://cds.cern.ch/record/829122",
}

@misc{wiki:kontaktpotential,
  author = {Wikipedia},
  title  = {Kontaktelektrizität --- {W}ikipedia{,} -Die freie Enzyklopädie},
  url    = {https://de.wikipedia.org/wiki/Kontaktelektrizit%C3%A4t},
  note   = {[Online; Datum: 25.10.2023]}
}

@misc{wiki:reduced_chi_square,
  author = {Wikipedia},
  title  = {Reduced chi-squared statistic --- {W}ikipedia{,} -Die freie Enzyklopädie},
  url    = {https://en.wikipedia.org/wiki/Reduced_chi-squared_statistic},
  note   = {[Online; Datum: 25.10.2023]}
}

@misc{wiki:fehlerfortpflanzung,
  author = {Wikipedia},
  title  = {Fehlerfortpflanzung --- {W}ikipedia{,} -Die freie Enzyklopädie},
  url    = {https://de.wikipedia.org/wiki/Fehlerfortpflanzung},
  note   = {[Online; Datum: 25.10.2023]}
}

@misc{wiki:austrittsarbeit,
  author = {Wikipedia},
  title  = {Austrittsarbeit --- {W}ikipedia{,} -Die freie Enzyklopädie},
  url    = {https://de.wikipedia.org/wiki/Austrittsarbeit},
  note   = {[Online; Datum: 25.10.2023]}
}

@misc{scipy:odr,
  author = {Scipy},
  title  = {Orthogonal distance regression},
  url    = {https://docs.scipy.org/doc/scipy/reference/odr.html},
  note   = {[Online; Datum: 25.10.2023]}
}

@misc{rtm-leitpfaden,
  author = {Dreyer, H.P. and Brovelli, D. and Cornaz, A. and Dünki, R. and Lohe, H.J.},
  title = {Raster-Tunnel-Mikroskop (Leitprogramm)},
  url = {https://educ.ethz.ch/unterrichtsmaterialien/physik/rastertunnel.html},
  note   = {[Online; Datum: 5.11.2023]}
}

@misc{ld_bragg,
  author = {LD Didactic},
  title = {Bragg-Reflexion: Beugung von Röntgenstrahlen an einem Einkristall},
  url = {https://www.ld-didactic.de/literatur/hb/d/p6/p6331_d.pdf},
  note   = {[Online; Datum: 21.11.2023]}
}

@misc{wiki:roentgenroehre,
  author = {Wikipedia},
  title  = {Röntgenröhre --- {W}ikipedia{,} -Die freie Enzyklopädie},
  url    = {https://de.wikipedia.org/wiki/R%C3%B6ntgenr%C3%B6hre},
  note   = {[Online; Datum: 21.11.2023]}
}

@misc{wiki:bragg,
  author = {Wikipedia},
  title  = {Bragg-Bedingung --- {W}ikipedia{,} -Die freie Enzyklopädie},
  url    = {https://de.wikipedia.org/wiki/Bragg-Gleichung},
  note   = {[Online; Datum: 21.11.2023]}
}

@book{wermes,
author = {Kolanoski, Hermann and Wermes, Norbert},
address = {Berlin, Heidelberg},
edition = {1. Aufl. 2016},
isbn = {9783662453506},
keywords = {Physics},
language = {ger},
publisher = {Springer Berlin Heidelberg},
title = {Teilchendetektoren Grundlagen und Anwendungen},
year = {2016},
}

