@book{skript,
  author         = "Physikalisches Institut der Universität Bonn",
  title          = "{Physikalisches Praktikum Teil IV: Atome, Moleküle, Festkörper. Versuchsbeschreibungen}",
  year           = "2023",
}